% BIBLIOGRAPHY

% THESIS PAPERS

@misc{jesus2019b,
author = {Jes\'{u}s Rubio and J. Dunningham}, 
title = "{Bayesian multi-parameter quantum metrology with limited data}",
year = 2019,
howpublished = {arXiv:1906.04123},
url={https://arxiv.org/abs/1906.04123}
}

@misc{jesus2019a,
author = {Jes\'{u}s Rubio and P. A. Knott and T. J. Proctor and J. A. Dunningham}, 
title = "{Quantum sensing networks for the estimation of linear functions, in preparation}",
year = 2020,
}

@article{jesus2018dec,
	doi = {10.1088/2058-9565/ab4d89},
	url = {https://doi.org/10.1088%2F2058-9565%2Fab4d89},
	year = 2019,
	publisher = {{IOP} Publishing},
	volume = {4},
	number = {4},
	pages = {045012},
	author = {R. Nichols and L. Mineh and Jes{\'{u}}s Rubio and J. C. F. Matthews and P. A. Knott},
	title = {Designing quantum experiments with a genetic algorithm},
	journal = {Quantum Science and Technology},
}

@article{jesus2018,
author={Rubio, Jes\'{u}s and Dunningham, J. A.},
title={Quantum metrology in the presence of limited data},
journal={New Journal of Physics},
year={2019},
volume = {21},
number = {4},
pages = {043037},
publisher = {{IOP} Publishing},
url={http://iopscience.iop.org/10.1088/1367-2630/ab098b},
doi={10.1088/1367-2630/ab098b}
}

@article{jesus2017,
author={Jes\'{u}s Rubio and P. A. Knott and J. A. Dunningham},
title="{Non-asymptotic analysis of quantum metrology protocols beyond the Cram\'{e}r-Rao bound}",
journal={Journal of Physics Communications},
volume={2},
number={1},
pages={015027},
url={http://stacks.iop.org/2399-6528/2/i=1/a=015027},
doi = {10.1088/2399-6528/aaa234},
year={2018}
}

% THESIS: CHAPTER 5

@Article{driscoll2019,
author="O'Driscoll, L. and Nichols, R. and Knott, P. A.",
title="{A hybrid machine learning algorithm for designing quantum experiments}",
journal="Quantum Machine Intelligence",
year="2019",
issn="2524--4914",
doi="10.1007/s42484-019-00003-8",
url="https://doi.org/10.1007/s42484-019-00003-8"
}

@misc{adaquantum2019,
author = {AdaQuantum on GitHub}, 
howpublished = {https://github.com/paulk444/AdaQuantum},
year = 2019,
url={https://github.com/paulk444/AdaQuantum}
}

% THESIS: CHAPTER 4

@article{toussaint2011,
  title = {Bayesian inference in physics},
  author = {von Toussaint, U.},
  journal = {Reviews of Modern Physics},
  volume = {83},
  issue = {3},
  pages = {943--999},
  numpages = {0},
  year = {2011},
  publisher = {American Physical Society},
  doi = {10.1103/RevModPhys.83.943},
  url = {https://link.aps.org/doi/10.1103/RevModPhys.83.943}
}

% THESIS: CHAPTER 7

@article{albarelli2019,
  title = "{Evaluating the Holevo Cram\'er-Rao Bound for Multiparameter Quantum Metrology}",
  author = {Albarelli, F. and Friel, J. F. and Datta, A.},
  journal = {Physical Review Letters},
  volume = {123},
  issue = {20},
  pages = {200503},
  numpages = {7},
  year = {2019},
  publisher = {American Physical Society},
  doi = {10.1103/PhysRevLett.123.200503},
  url = {https://link.aps.org/doi/10.1103/PhysRevLett.123.200503}
}

@article{polino2018,
author = {E. Polino and M. Riva and M. Valeri and R. Silvestri and G. Corrielli and A. Crespi and N. Spagnolo and R. Osellame and F. Sciarrino},
journal = {Optica},
number = {3},
pages = {288--295},
publisher = {OSA},
title = {Experimental multiphase estimation on a chip},
volume = {6},
year = {2019},
url = {http://www.osapublishing.org/optica/abstract.cfm?URI=optica-6-3-288},
doi = {10.1364/OPTICA.6.000288},
}

@article{roccia2018,
author = {E. Roccia and V. Cimini and M. Sbroscia and I. Gianani and L. Ruggiero and L. Mancino and M. G. Genoni and M. Antonietta Ricci and M. Barbieri},
journal = {Optica},
number = {10},
pages = {1171--1176},
publisher = {OSA},
title = {Multiparameter approach to quantum phase estimation with limited visibility},
volume = {5},
year = {2018},
url = {http://www.osapublishing.org/optica/abstract.cfm?URI=optica-5-10-1171},
doi = {10.1364/OPTICA.5.001171},
}

% THESIS: CHAPTER 6

@article{kok2017,
  title = {Role of entanglement in calibrating optical quantum gyroscopes},
  author = {Kok, P.  and Dunningham, J. and Ralph, J. F.},
  journal = {Physical Review A},
  volume = {95},
  issue = {1},
  pages = {012326},
  numpages = {10},
  year = {2017},
  publisher = {American Physical Society},
  doi = {10.1103/PhysRevA.95.012326},
  url = {https://link.aps.org/doi/10.1103/PhysRevA.95.012326}
}

@article{gatto2019,
  title = {Distributed quantum metrology with a single squeezed-vacuum source},
  author = {Gatto, D. and Facchi, P. and Narducci, F. A. and Tamma, V.},
  journal = {Physical Review Research},
  volume = {1},
  issue = {3},
  pages = {032024},
  numpages = {5},
  year = {2019},
  publisher = {American Physical Society},
  doi = {10.1103/PhysRevResearch.1.032024},
  url = {https://link.aps.org/doi/10.1103/PhysRevResearch.1.032024}
}

@article{gellmann1962,
  title = {Symmetries of Baryons and Mesons},
  author = {Gell-Mann, M.},
  journal = {Physical Review},
  volume = {125},
  issue = {3},
  pages = {1067--1084},
  numpages = {0},
  year = {1962},
  publisher = {American Physical Society},
  doi = {10.1103/PhysRev.125.1067},
  url = {https://link.aps.org/doi/10.1103/PhysRev.125.1067}
}

@article{penrose1955, 
title={A generalized inverse for matrices}, 
volume={51}, 
DOI={10.1017/S0305004100030401}, 
number={3}, 
journal={Mathematical Proceedings of the Cambridge Philosophical Society}, 
publisher={Cambridge University Press}, 
author={Penrose, R.}, 
year={1955}, 
pages={406â€“413}}

@misc{li2019,
author = {X. Li and J.-H. Cao and Q. Liu and M. K. Tey and L. You}, 
title = "{Multi-parameter Estimation with Multi-mode Ramsey Interferometry}",
howpublished = {arXiv:1905.01673},
year = 2019,
url={https://arxiv.org/abs/1905.01673}
}

@misc{sekatski2019,
author = {{Sekatski}, P. and {W{\"o}lk}, S. and {D{\"u}r}, W.},
title = "{Optimal distributed sensing in noisy environments}",
howpublished = {arXiv:1905.06765},
year = 2019,
url={https://arxiv.org/abs/1905.06765}
}

@article{szczykulska2017,
doi = {10.1088/2058-9565/aa7fa9},
url = {https://doi.org/10.1088%2F2058-9565%2Faa7fa9},
year = 2017,
publisher = {{IOP} Publishing},
volume = {2},
number = {4},
pages = {044004},
author = {M. Szczykulska and T. Baumgratz and A. Datta},
title = {Reaching for the quantum limits in the simultaneous estimation of phase and phase diffusion},
journal = {Quantum Science and Technology},
}

@article{vidrighin2014,
issn = {2041-1723},
journal = {Nature Communications},
volume = {5},
publisher = {Nature Publishing Group},
year = {2014},
title = {Joint estimation of phase and phase diffusion for quantum metrology},
author = {M. D. Vidrighin and G. Donati and M. G. Genoni and X.-M. Jin and W. S. Kolthammer and M. S. Kim and A. Datta and M. Barbieri and I. A. Walmsley},
}

% THESIS: CHAPTER 3

@article{mashide2002,
  title = "{Optimal parameter estimation of a depolarizing channel}",
  author = {Sasaki, M. and Ban, M. and Barnett, S. M.},
  journal = {Physical Review A},
  volume = {66},
  issue = {2},
  pages = {022308},
  numpages = {8},
  year = {2002},
  publisher = {American Physical Society},
  doi = {10.1103/PhysRevA.66.022308},
  url = {https://link.aps.org/doi/10.1103/PhysRevA.66.022308}
}

@article{sekatski2017,
  title = "{Improved Sensing with a Single Qubit}",
  author = {Sekatski, P. and Skotiniotis, M. and D\"ur, W.},
  journal = {Physical Review Letters},
  volume = {118},
  issue = {17},
  pages = {170801},
  numpages = {5},
  year = {2017},
  publisher = {American Physical Society},
  doi = {10.1103/PhysRevLett.118.170801},
  url = {https://link.aps.org/doi/10.1103/PhysRevLett.118.170801}
}

@article{bernad2018,
  title = {Optimal estimation of the optomechanical coupling strength},
  author = {Bern\'ad, J. Z. and Sanavio, C. and Xuereb, A.},
  journal = {Physical Review A},
  volume = {97},
  issue = {6},
  pages = {063821},
  numpages = {13},
  year = {2018},
  publisher = {American Physical Society},
  doi = {10.1103/PhysRevA.97.063821},
  url = {https://link.aps.org/doi/10.1103/PhysRevA.97.063821}
}

@article{hansen2003,
author = {Hansen, F. and Pedersen, G. K.},
title = "{Jensen's Operator Inequality}",
journal = {Bulletin of the London Mathematical Society},
volume = {35},
number = {4},
pages = {553-564},
doi = {10.1112/S0024609303002200},
url = {https://londmathsoc.onlinelibrary.wiley.com/doi/abs/10.1112/S0024609303002200},
year = {2003}
}

@article{fraser1964,
ISSN = {00359246},
URL = {http://www.jstor.org/stable/2984603},
author = {D. A. S. Fraser},
journal = {Journal of the Royal Statistical Society. Series B (Methodological)},
number = {1},
pages = {46--51},
publisher = {[Royal Statistical Society, Wiley]},
title = {On Local Unbiased Estimation},
volume = {26},
year = {1964}
}

@article{ariano1998,
issn = {03759601},
journal = {Physics Letters A},
pages = {103--108},
volume = {248},
number = {2-4},
year = {1998},
title = "{On the general problem of quantum phase estimation }",
author = {D'Ariano, G. M. and Macchiavello, C. and Sacchi, M. F.}
}

@article{chiara2003,
title = {Optimal estimation of multiple phases},
author = {Macchiavello, C.},
journal = {Physical Review A},
volume = {67},
issue = {6},
pages = {062302},
numpages = {5},
year = {2003},
publisher = {American Physical Society},
doi = {10.1103/PhysRevA.67.062302},
url = {https://link.aps.org/doi/10.1103/PhysRevA.67.062302}
}

@article{chiribella2005,
  title = {Optimal estimation of group transformations using entanglement},
  author = {Chiribella, G. and D'Ariano, G. M. and Sacchi, M. F.},
  journal = {Physical Review A},
  volume = {72},
  issue = {4},
  pages = {042338},
  numpages = {10},
  year = {2005},
  publisher = {American Physical Society},
  doi = {10.1103/PhysRevA.72.042338},
  url = {https://link.aps.org/doi/10.1103/PhysRevA.72.042338}
}

@InProceedings{pezze2014,
author="{Pezz{\`e}}, L. and Smerzi, A.",
editor="G.M. Tino and M.A. Kasevich",
title="Quantum theory of phase estimation",
booktitle="Atom Interferometry, Proceedings of the International School of Physics Enrico Fermi, Course 188, Varenna",
year="2014",
publisher="Springer Berlin Heidelberg",
address="IOS Press, Amsterdam",
pages="691",
}

@article{hall2018,
doi = {10.1088/1751-8121/aad50f},
url = {https://doi.org/10.1088%2F1751-8121%2Faad50f},
year = 2018,
publisher = {{IOP} Publishing},
volume = {51},
number = {36},
pages = {364001},
author = {M. J. W. Hall},
title = "{Entropic Heisenberg limits and uncertainty relations from the Holevo information bound}",
journal = {Journal of Physics A: Mathematical and Theoretical},
}

@article{jizba2017,
doi = {10.1088/1742-6596/880/1/012054},
url = {https://doi.org/10.1088%2F1742-6596%2F880%2F1%2F012054},
year = 2017,
publisher = {{IOP} Publishing},
voume = {880},
pages = {012054},
author = {P. Jizba and A. Hayes and J. A. Dunningham},
title = {New class of entropy-power-based uncertainty relations},
journal = {Journal of Physics: Conference Series},
}

@article{jizba2016,
title = {One-parameter class of uncertainty relations based on entropy power},
author = {Jizba, P. and Ma, Y. and Hayes, A. and Dunningham, J. A.},
journal = {Physical Review E},
volume = {93},
issue = {6},
pages = {060104},
numpages = {5},
year = {2016},
publisher = {American Physical Society},
doi = {10.1103/PhysRevE.93.060104},
url = {https://link.aps.org/doi/10.1103/PhysRevE.93.060104}
}

@InProceedings{holevo1973b,
author="Holevo, A. S.",
editor="Maruyama, G.
and Prokhorov, Y. V.",
title="Statistical problems in quantum physics",
booktitle="Proceedings of the Second Japan-USSR Symposium on Probability Theory",
year="1973",
publisher="Springer Berlin Heidelberg",
address="Berlin, Heidelberg",
pages="104--119",
isbn="978-3-540-46956-8"
}

@article{holevo1973,
issn = {0047259X},
journal = {Journal of Multivariate Analysis},
pages = {337--394},
volume = {3},
number = {4},
year = {1973},
title = {Statistical decision theory for quantum systems},
author = {Holevo, A. S.},
}

@article{pezze2015,
title = {Phase-sensitivity bounds for two-mode interferometers},
author = {{Pezz{\`e}}, L. and Hyllus, P. and Smerzi, A.},
journal = {Physical Review A},
volume = {91},
issue = {3},
pages = {032103},
numpages = {15},
year = {2015},
publisher = {American Physical Society},
doi = {10.1103/PhysRevA.91.032103},
url = {https://link.aps.org/doi/10.1103/PhysRevA.91.032103}
}

% THESIS: CHAPTER 2

@book{kok2010,
publisher = {Cambridge University Press},
isbn = {9780521519144},
year = {2010},
title = {Introduction to optical quantum information processing},
address = {Cambridge},
author = {Kok, P.}
}

@book{dunningham2018,
author = {Dunningham, J. and Vedral, V.},
title = "{Introductory Quantum Physics and Relativity}",
publisher = {World Scientific},
year = {2018},
doi = {10.1142/10672},
address = {},
edition   = {2nd},
URL = {https://www.worldscientific.com/doi/abs/10.1142/10672},
eprint = {https://www.worldscientific.com/doi/pdf/10.1142/10672}
}

@misc{martinezvargas2019,
author = {{Mart{\'\i}nez-Vargas}, E. and {Pineda}, C. and
         {Barberis-Blostein}, P.},
title = "{Quantum measurement optimization by decomposition of measurements into extremals}",
howpublished = {arXiv:1901.06179},
year = 2019,
url={https://arxiv.org/abs/1812.01032}
}

@article{vanhorn2004,
issn = {0888613X},
year = {2004},
journal = {International Journal of Approximate Reasoning},
pages = {107--110},
volume = {35},
number = {1},
title = "{Response to Shafer's comments}",
language = {eng},
author = {Van Horn, K. S.},
}

@article{shafer2004,
issn = {0888613X},
year = {2004},
journal = "{International Journal of Approximate Reasoning}",
pages = {97--105},
volume = {35},
number = {1},
title = "{Comments on ``Constructing a logic of plausible inference: a guide to Cox's Theorem", by K. S. Van Horn}",
language = {eng},
author = {Shafer, G.},
}

@article{baumgratz2016,
title = "{Quantum Enhanced Estimation of a Multidimensional Field}",
author = {Baumgratz, T. and Datta, A.},
journal = {Physical Review Letters},
volume = {116},
issue = {3},
pages = {030801},
numpages = {5},
year = {2016},
publisher = {American Physical Society},
doi = {10.1103/PhysRevLett.116.030801},
url = {https://link.aps.org/doi/10.1103/PhysRevLett.116.030801}
}

@book{miller2004,
  author    = {Miller, I. and Miller, M.}, 
  title     = "{John E. Freund's Mathematical Statistics: With Applications}",
  publisher = {Pearson Prentice Hall},  
  address   = {New Jersey},
  year      = 2004,
  isbn      = {0131246461}
}

% THESIS: CHAPTER 1

@article{dowling2014,
author={J. P. {Dowling} and K. P. {Seshadreesan}},
journal={Journal of Lightwave Technology},
title={Quantum Optical Technologies for Metrology, Sensing, and Imaging},
year={2015},
volume={33},
number={12},
pages={2359--2370},
doi={10.1109/JLT.2014.2386795},
ISSN={0733-8724},
}

@book{bernardo1994,
isbn = {0471924164},
year = {1994},
publisher = {Wiley},
title = {Bayesian theory},
address = {Chichester},
author = {Bernardo, J. M.},
}

@article{fuchs2017,
year = {2017},
journal={Mind and Matter},
number={15},
volume={2},
pages={245--300},
title = "{Notwithstanding Bohr, the Reasons for QBism}",
author = {Fuchs, C. A.},
}

@book{schwinger2001,
publisher = {Edited by B.-G. Engler. Springer, New York},
year = {2001},
title = "{Quantum  Mechanics:  Symbolism  of  Atomic  Measurements}",
author = {Schwinger, J.},
}

@article{born1926,
author="Born, M.",
title="{Zur Quantenmechanik der Sto{\ss}vorg{\"a}nge}",
journal="Zeitschrift f{\"u}r Physik",
year="1926",
day="01",
volume="37",
number="12",
pages="863--867",
issn="0044-3328",
doi="10.1007/BF01397477",
url="https://doi.org/10.1007/BF01397477"
}

@book{breuer2002,
isbn = {0198520638},
year = {2002},
publisher = {Oxford University Press},
title = {The theory of open quantum systems},
author = {Breuer, H.-P.},
}

@article{leifer2014,
author = {M. Leifer},
title = "{Is the Quantum State Real? An Extended Review of $\psi$-ontology Theorems}",
journal = {Quanta},
volume = {3},
number = {1},
year = {2014},
issn = {1314-7374},	
pages = {67--155},	
doi = {10.12743/quanta.v3i1.22},
url = {http://quanta.ws/ojs/index.php/quanta/article/view/22}
}

@book{barnett2014,
year = {2014},
publisher = "{In: E. Andersson , P. \"{O}hberg (eds) Quantum Information and Coherence. Scottish Graduate Series. Springer, Cham}",
title = "{Quantum Retrodiction}",
author = {Barnett, S. M.},
doi={10.1007/978-3-319-04063-9_1},
url={https://link.springer.com/chapter/10.1007%2F978-3-319-04063-9_1#citeas}
}

@article{schrodinger1945I,
issn = {00358975},
year = {1945},
journal = {Proceedings of the Royal Irish Academy. Section A: Mathematical and Physical Sciences},
pages = {51--66},
volume = {51},
publisher = {Hodges, Figgis, & Co.},
title = {The Foundation of the Theory of Probability: I},
author = {SchrÃ¶dinger, E.},
}

@article{schrodinger1945II,
issn = {00358975},
year = {1945},
journal = {Proceedings of the Royal Irish Academy. Section A: Mathematical and Physical Sciences},
pages = {141--146},
volume = {51},
publisher = {Hodges, Figgis, & Co.},
title = {The Foundation of the Theory of Probability: II},
author = {SchrÃ¶dinger, E.},
}

@book{waerden1967,
year = {1967},
publisher = {North Holland},
title = {Sources of Quantum Mechanics},
address = {Amsterdam},
author = {Waerden, B. L.},
}

@misc{jiangwei2014,
author = {{Shang}, J. and {Khoon Ng}, H. and {Englert}, B.-G.},
title = "{Quantum state tomography: Mean squared error matters, bias does not}",
howpublished = {arXiv:1405.5350},
year = "2014",
url={https://arxiv.org/abs/1405.5350}
}

@article{ballentine2016,
author = {Ballentine, L. E.},
year = {2016},
month = {02},
pages = {},
title = {Propensity, Probability, and Quantum Theory},
volume = {46},
journal = {Foundations of Physics},
doi = {10.1007/s10701-016-9991-0}
}

@article{kass1996,
author = { R. E. Kass  and  L. Wasserman },
title = "{The Selection of Prior Distributions by Formal Rules}",
journal = {Journal of the American Statistical Association},
volume = {91},
number = {435},
pages = {1343-1370},
year  = {1996},
publisher = {Taylor & Francis},
doi = {10.1080/01621459.1996.10477003},
url = {https://amstat.tandfonline.com/doi/abs/10.1080/01621459.1996.10477003}}
}

@book{definetti1990,
isbn = {0471201421},
year = {1990},
publisher = {John Wiley \& Sons Ltd.},
edition = "{Wiley Classics Library}",
title = "{Theory of Probability: a Critical introductory Treatment}",
author = {de Finetti, B.},
}

@article{vanhorn2017,
issn = {0888613X},
year = {2017},
journal = {International Journal of Approximate Reasoning},
pages = {309--332},
volume = {88},
title = "{From propositional logic to plausible reasoning: A uniqueness theorem}",
author = {Van Horn, K. S.},
}

@article{clayton2017,
issn = {0888613X},
year = {2017},
journal = {International Journal of Approximate Reasoning},
pages = {36--51},
volume = {80},
title = "{Bridging the intuition gap in Cox's theorem: A Jaynesian argument for universality}",
author = {Clayton, A. and Waddington, T.}
}

@article{colyvan2004,
issn = {0888613X},
year = {2004},
journal = {International Journal of Approximate Reasoning},
pages = {71--85},
volume = {37},
number = {1},
title = "{The philosophical significance of Cox's theorem}",
author = {Colyvan, M.},
}

@book{paris1994,
title={The Uncertain Reasoner's Companion: A Mathematical Perspective},
author={J. B. Paris},
year={1994},
publisher={Cambridge University Press},
}

@book{cox1961,
title={The algebra of probable inference},
author={R. T. Cox},
year={1961},
publisher={Baltimore: The Johns Hopkins Press},
}

@article{cox1946,
issn = {0002-9505},
year = {1946},
journal = {American Journal of Physics},
pages = {1--13},
volume = {14},
number = {1},
title = "{Probability, Frequency and Reasonable Expectation}",
language = {eng},
author = {Cox, R. T.},
}

@article{vanhorn2003,
issn = {0888613X},
year = {2003},
journal = {International Journal of Approximate Reasoning},
pages = {3--24},
volume = {34},
number = {1},
title = "{Constructing a logic of plausible inference: a guide to Cox's theorem}",
author = {Van Horn, K. S.},
url = {https://doi.org/10.1016/S0888-613X(03)00051-3},
doi = {10.1016/S0888-613X(03)00051-3}
}

@book{copi2016,
title={Introduction to logic},
author={Copi, I. M. and Cohen, C. and McMahon, K.},
year={2016},
publisher={Essex, Pearson Education Limited},
edition={14th}
}

@book{nidditch1962,
year = {1962},
publisher = {London: Routledge \& Kegan Paul Ltd},
title = {Propositional calculus},
author = {Nidditch, P. H.},
}

@article{shannon2001,
issn = {1931-1222},
year = {2001},
journal = {ACM SIGMOBILE Mobile Computing and Communications Review},
pages = {3--55},
volume = {5},
publisher = {ACM},
number = {1},
title = {A mathematical theory of communication},
author = {Shannon, C},
}

@article{ballentine1986,
issn = {0002-9505},
year = {1986},
journal = {American Journal of Physics},
pages = {883--889},
volume = {54},
number = {10},
title = {Probability theory in quantum mechanics},
author = {Ballentine, L. E.},
}

@article{newey1994,
issn = {0932-0784},
year = {1994},
journal = {Handbook of Econometrics},
volume = {4},
number = {2111--2245},
title = "{Chapter 36 Large sample estimation and hypothesis testing}",
publisher="{Elsevier}",
author = {Newey, W. K. and McFadden, D.},
url={https://doi.org/10.1016/S1573-4412(05)80005-4},
doi={10.1016/S1573-4412(05)80005-4}
}

@article{englert1999,
issn = {0932-0784},
year = {1999},
journal = {Zeitschrift f\"{u}r Naturforschung A},
volume = {54},
number = {1},
title = "{Remarks on Some Basic Issues in Quantum Mechanics}",
author = {Englert, B.-G.},
}

@article{liao2017,
author = {{Liao}, S.-K. and {Cai}, W.-Q. and {Liu}, W.-Y. and
         {Zhang}, L. and {Li}, Y. and {Ren}, J.-G. and {Yin}, J. and
         {Shen}, Q. and {Cao}, Y. and {Li}, Z.-P. and {Li}, F.-Z. and
         {Chen}, X.-W. and {Sun}, L.-H. and {Jia}, J.-J. and
         {Wu}, J.-J. and {Jiang}, X.-J. and {Wang}, J.-F. and
         {Huang}, Y.-M. and {Wang}, Q. and {Zhou}, Y.-L. and {Deng}, L. and
         {Xi}, T. and {Ma}, L. and {Hu}, T. and {Zhang}, Q. and
         {Chen}, Y.-A. and {Liu}, N.-L. and {Wang}, X.-B. and
         {Zhu}, Z.-C. and {Lu}, C.-Y. and {Shu}, R. and
         {Peng}, C.-Z. and {Wang}, J.-Y. and {Pan}, J.-W.},
        title = "{Satellite-to-ground quantum key distribution}",
journal = {Nature},
publisher = {Macmillan Publishers Limited, Springer Nature},
year = "2017",
volume = {549},
pages = {43-47},
doi = {10.1038/nature23655},
url = {https://doi.org/10.1038/nature23655},
}

@book{rosenthal2006,
isbn = {9812703713},
year = {2006},
title = {A first look at rigorous probability theory},
publisher = {Singapore; Hackensack, N. J.: World Scientific},
edition = {2nd},
author = {Rosenthal, J. S.},
lccn = {##2007280482},
}

@phdthesis{samuel2018,
author = {Fern\'{a}ndez-Lorenzo, S.}, 
title = {Exploiting symmetry and criticality in quantum sensing and quantum simulation},
school = {University of Sussex},
year = 2018,
url={https://sro.sussex.ac.uk/id/eprint/81274/}
}

@article{degen2017,
title = {Quantum sensing},
author = {Degen, C. L. and Reinhard, F. and Cappellaro, P.},
journal = "{Reviews of Modern Physics}",
volume = {89},
issue = {3},
pages = {035002},
numpages = {39},
year = {2017},
publisher = {American Physical Society},
doi = {10.1103/RevModPhys.89.035002},
url = {https://link.aps.org/doi/10.1103/RevModPhys.89.035002}
}

@article{acin2018,
doi = {10.1088/1367-2630/aad1ea},
url = {https://doi.org/10.1088%2F1367-2630%2Faad1ea},
year = 2018,
publisher = {{IOP} Publishing},
volume = {20},
number = {8},
pages = {080201},
author = {A. Ac{\'{\i}}n and I. Bloch and H. Buhrman and T. Calarco and C. Eichler and J. Eisert and D. Esteve and N. Gisin and S. J. Glaser and F. Jelezko and S. Kuhr and M. Lewenstein and M. F. Riedel and P. O. Schmidt and R. Thew and A. Wallraff and I. Walmsley and F. K. Wilhelm},
title = "{The quantum technologies roadmap: a European community view}",
journal = {New Journal of Physics},
}

@article{barnett2017,
year = {2017},
title = "{Journeys from Quantum Optics to Quantum Technology}",
author = {Barnett, S. M. and Beige, A. and Ekert, A. and Garraway, B. M. and Keitel, C. H. and Kendon, V. and Lein, M. and Milburn, G. J. and Moya-Cessa, H. M. and Murao, M. and Pachos, J. K. and Palma, G. M. and Paspalakis, E. and Phoenix, S. J. D. and Piraux, B. and Plenio, M. B. and Sanders, B. C. and Twamley, J. and Vidiella-Barranco, A. and Kim, M. S.},
doi={10.1016/j.pquantelec.2017.07.002},
url={https://doi.org/10.1016/j.pquantelec.2017.07.002},
journal = {Progress in Quantum Electronics},
pages = {19--45},
volume = {54},
issue={Special issue in honor of the 70th birthday of Professor Sir Peter Kight FRS}
}

@article{browne2017,
year = {2017},
title = "{From Quantum Optics to Quantum Technologies}",
author = {D. E. Browne and S. Bose and F. Mintert and M. S. Kim},
doi={10.1016/j.pquantelec.2017.06.002},
url={https://doi.org/10.1016/j.pquantelec.2017.06.002},
journal = {Progress in Quantum Electronics},
pages = {2--18},
volume = {54},
issue={Special issue in honor of the 70th birthday of Professor Sir Peter Kight FRS}
}

@book{ballentine1998,
isbn = {9810227078},
year = {1998},
publisher = {World Scientific},
title = {Quantum mechanics: a modern development},
address = {Singapore},
author = {Ballentine, L. E.}
}

@article{dowling2003,
issn = {1364-503X},
year = {2003},
journal = {Philosophical Transactions of the Royal Society A: Mathematical, Physical and Engineering Sciences},
pages = {1655--1674},
volume = {361},
publisher = {The Royal Society},
number = {1809},
title = {Quantum technology: the second quantum revolution},
author = {Dowling, J. P. and Milburn, G. J.},
}

@book{vim2012,
isbn = {0914098772},
year = {2012},
publisher = {Joint Committee for Guides in Metrology, JCGM 200:2012},
title = "{International vocabulary of metrology - Basic and general concepts and associated terms (VIM)}",
edition = {3rd},
address = {Geneva, International Organization for Standardization},
author = {BIPM and IEC and IFCC and ILAC and ISO and IUPAC and IUPAP and OIML}
}

@book{spivak1980,
isbn = {0914098772},
year = {1980},
publisher = {Publish or Perish},
title = {Calculus},
edition = {2nd},
address = {Berkeley, Calif.},
author = {Spivak, M.}
}

@misc{haag2016,
author = {R. Haag}, 
title = "{On Quantum Theory}",
howpublished = {arXiv:1602.05426},
year = 2016,
url={https://arxiv.org/abs/1602.05426}
}

@book{haag1996,
series = {Texts and monographs in physics},
isbn = {3540614516},
year = {1996},
publisher = {Springer},
title = {Local quantum physics: fields, particles, algebras},
edition = {2nd},
address = {Berlin, New York},
author = {Haag, R.},
lccn = {96018937}
}

% BAYESIAN QUANTUM METROLOGY FOR TIME ESTIMATION

@article{gopalkrishnan2017,
title = {Bayesian view of single-qubit clocks, and an energy versus accuracy tradeoff},
author = {Gopalkrishnan, M. and Kandula, V. and Sriram, P. and Deshpande, A. and Muralidharan, B.},
journal = {Physical Review A},
volume = {96},
issue = {3},
pages = {032339},
numpages = {8},
year = {2017},
publisher = {American Physical Society},
doi = {10.1103/PhysRevA.96.032339},
url = {https://link.aps.org/doi/10.1103/PhysRevA.96.032339}
}

@article{braunstein1996,
issn = {00034916},
year = {1996},
journal = {Annals of Physics},
pages = {135--173},
volume = {247},
number = {1},
title = "{Generalized Uncertainty Relations: Theory, Examples, and Lorentz Invariance}",
author = {Braunstein, S. L. and Caves, C. M. and Milburn, G. J.},
doi={10.1006/aphy.1996.0040},
url={https://doi.org/10.1006/aphy.1996.0040}
}

% MULTI-PARAMETRIC QUANTUM METROLOGY: FORMALISM AND FOUNDATIONS

@article{spagnolo2012,
issn = {2045-2322},
journal = {Scientific Reports},
volume = {2},
publisher = {Nature Publishing Group},
number = {1},
year = {2012},
title = {Quantum interferometry with three-dimensional geometry},
author = {N. Spagnolo and L. Aparo and C. Vitelli and A. Crespi and R. Ramponi and R. Osellame and P. Mataloni and F. Sciarrino},
url={https://doi.org/10.1038/srep00862}
}

@article{altenburg2018,
doi = {10.1088/1402-4896/aaeca1},
url = {https://doi.org/10.1088%2F1402-4896%2Faaeca1},
year = 2018,
publisher = {{IOP} Publishing},
volume = {94},
number = {1},
pages = {014001},
author = {S. Altenburg and S. W\"{o}lk},
title = {Multi-parameter estimation: global, local and sequential strategies},
journal = {Physica Scripta},
}

@inbook{gill2011,
address = "Beachwood, Ohio, USA",
author = "Gill, R. D. and Gu\c{t}\u{a}, M. I.",
booktitle = "From Probability to Statistics and Back: High-Dimensional Models and Processes -- A Festschrift in Honor of Jon A. Wellner",
doi = "10.1214/12-IMSCOLL909",
pages = "105--127",
publisher = "Institute of Mathematical Statistics",
series = "Collections",
title = "On asymptotic quantum statistical inference",
volume = "9",
year = "2013"
}

@article{helstrom1968multiparameter, 
author={C. Helstrom}, 
journal={IEEE Transactions on Information Theory}, 
title={The minimum variance of estimates in quantum signal detection}, 
year={1968}, 
volume={14}, 
number={2}, 
pages={234-242}, 
doi={10.1109/TIT.1968.1054108}, 
issn={0018-9448}, 
}

@article{pezze2017simultaneous,
title = "{Optimal Measurements for Simultaneous Quantum Estimation of Multiple Phases}",
author = {{Pezz{\`e}}, L. and Ciampini, M. A. and Spagnolo, N. and Humphreys, P. C. and Datta, A. and Walmsley, I. A. and Barbieri, M. and Sciarrino, F. and Smerzi, A.},
journal = {Physical Review Letters},
volume = {119},
issue = {13},
pages = {130504},
numpages = {6},
year = {2017},
publisher = {American Physical Society},
doi = {10.1103/PhysRevLett.119.130504},
url = {https://link.aps.org/doi/10.1103/PhysRevLett.119.130504}
}

@article{sammy2016compatibility,
title = {Compatibility in multiparameter quantum metrology},
author = {Ragy, S. and Jarzyna, M. and Demkowicz-Dobrza\ifmmode \acute{n}\else \'{n}\fi{}ski, R.},
journal = {Physical Review A},
volume = {94},
issue = {5},
pages = {052108},
numpages = {11},
year = {2016},
publisher = {American Physical Society},
doi = {10.1103/PhysRevA.94.052108},
url = {https://link.aps.org/doi/10.1103/PhysRevA.94.052108}
}

@article{Szczykulska2016,
author = {M. Szczykulska and T. Baumgratz and A. Datta},
title = {Multi-parameter quantum metrology},
journal = {Advances in Physics: X},
volume = {1},
number = {4},
pages = {621-639},
year = {2016},
doi = {10.1080/23746149.2016.1230476}
}

@article{berry2015,
  title = "{Quantum Bell-Ziv-Zakai Bounds and Heisenberg Limits for Waveform Estimation}",
  author = {Berry, D. W. and Tsang, M. and Hall, M. J. W. and Wiseman, H. M.},
  journal = {Physical Review X},
  volume = {5},
  issue = {3},
  pages = {031018},
  numpages = {28},
  year = {2015},
  publisher = {American Physical Society},
  doi = {10.1103/PhysRevX.5.031018},
  url = {https://link.aps.org/doi/10.1103/PhysRevX.5.031018}
}

@ARTICLE{yuen1973, 
author={H. Yuen and M. Lax}, 
journal={IEEE Transactions on Information Theory}, 
title={Multiple-parameter quantum estimation and measurement of nonselfadjoint observables}, 
year={1973}, 
volume={19}, 
number={6}, 
pages={740-750}, 
doi={10.1109/TIT.1973.1055103}, 
ISSN={0018-9448}, 
}

@ARTICLE{helstrom1974, 
author={C. Helstrom and R. Kennedy}, 
journal={IEEE Transactions on Information Theory}, 
title={Noncommuting observables in quantum detection and estimation theory}, 
year={1974}, 
volume={20}, 
number={1}, 
pages={16-24}, 
doi={10.1109/TIT.1974.1055173}, 
ISSN={0018-9448}, 
}

% MULTI-PARAMETRIC QUANTUM METROLOGY: APPLICATIONS

@article{zhang_lu2017,
  title = "{Quantum multiparameter estimation with generalized balanced multimode NOON-like states}",
  author = {Zhang, L. and Chan, K. W. C.},
  journal = {Physical Review A},
  volume = {95},
  issue = {3},
  pages = {032321},
  year = {2017},
  publisher = {American Physical Society},
}

@article{jasminder2016,
  title = {Quantum metrology of spatial deformation using arrays of classical and quantum light emitters},
  author = {Sidhu, J. S. and Kok, P.},
  journal = {Physical Review A},
  volume = {95},
  issue = {6},
  pages = {063829},
  numpages = {13},
  year = {2017},
  publisher = {American Physical Society},
  doi = {10.1103/PhysRevA.95.063829},
  url = {https://link.aps.org/doi/10.1103/PhysRevA.95.063829}
}

@misc{jasminder2018,
author = {{Sidhu}, J.~S. and {Kok}, P.},
title = "{Quantum Fisher information for general spatial deformations of quantum emitters}",
howpublished = {arXiv:1802.01601},
year = 2018,
}

@article{zhang2014,
  title = {Quantum metrological bounds for vector parameters},
  author = {Zhang, Y.-R. and Fan, H.},
  journal = {Physical Review A},
  volume = {90},
  issue = {4},
  pages = {043818},
  numpages = {8},
  year = {2014},
  publisher = {American Physical Society},
  doi = {10.1103/PhysRevA.90.043818},
  url = {https://link.aps.org/doi/10.1103/PhysRevA.90.043818}
}

@article{gagatos2016gaussian,
  title = {Gaussian systems for quantum-enhanced multiple phase estimation},
  author = {Gagatsos, C. N. and Branford, D. and Datta, A.},
  journal = {Physical Review A},
  volume = {94},
  issue = {4},
  pages = {042342},
  numpages = {10},
  year = {2016},
  publisher = {American Physical Society},
  doi = {10.1103/PhysRevA.94.042342},
  url = {https://link.aps.org/doi/10.1103/PhysRevA.94.042342}
}

@article{humphreys2013,
  title = "{Quantum Enhanced Multiple Phase Estimation}",
  author = {Humphreys, P. C. and Barbieri, M. and Datta, A. and Walmsley, I. A.},
  journal = {Physical Review Letters},
  volume = {111},
  issue = {7},
  pages = {070403},
  numpages = {5},
  year = {2013},
  publisher = {American Physical Society},
  doi = {10.1103/PhysRevLett.111.070403},
  url = {http://link.aps.org/doi/10.1103/PhysRevLett.111.070403}
}

% QUANTUM SENSING NETWORKS

@article{altenburg2017,
  title = {Estimation of gradients in quantum metrology},
  author = {Altenburg, S. and Oszmaniec, M. and W\"{o}lk, S. and G\"uhne, O.},
  journal = {Physical Review A},
  volume = {96},
  issue = {4},
  pages = {042319},
  numpages = {20},
  year = {2017},
  publisher = {American Physical Society},
  doi = {10.1103/PhysRevA.96.042319},
  url = {https://link.aps.org/doi/10.1103/PhysRevA.96.042319}
}

@article{chiribella2012,
	doi = {10.1088/1367-2630/14/12/125008},
	url = {https://doi.org/10.1088%2F1367-2630%2F14%2F12%2F125008},
	year = 2012,
	publisher = {{IOP} Publishing},
	volume = {14},
	number = {12},
	pages = {125008},
	author = {G. Chiribella},
	title = {Optimal networks for quantum metrology: semidefinite programs and product rules},
	journal = {New Journal of Physics},
}

@article{akbari2019,
  title = {Entanglement criterion for multipartite systems based on quantum Fisher information},
  author = {Akbari-Kourbolagh, Y. and Azhdargalam, M.},
  journal = {Physical Review A},
  volume = {99},
  issue = {1},
  pages = {012304},
  numpages = {6},
  year = {2019},
  month = {Jan},
  publisher = {American Physical Society},
  doi = {10.1103/PhysRevA.99.012304},
  url = {https://link.aps.org/doi/10.1103/PhysRevA.99.012304}
}

@article{qian2019,
  title = {Heisenberg-scaling measurement protocol for analytic functions with quantum sensor networks},
  author = {Qian, K. and Eldredge, Z. and Ge, W. and Pagano, G. and Monroe, C. and Porto, J. V. and Gorshkov, A. V.},
  journal = {Physical Review A},
  volume = {100},
  issue = {4},
  pages = {042304},
  numpages = {8},
  year = {2019},
  publisher = {American Physical Society},
  doi = {10.1103/PhysRevA.100.042304},
  url = {https://link.aps.org/doi/10.1103/PhysRevA.100.042304}
}

@article{gessner2018,
  title = {Sensitivity Bounds for Multiparameter Quantum Metrology},
  author = {Gessner, Manuel and Pezz\`e, Luca and Smerzi, Augusto},
  journal = {Physical Review Letters},
  volume = {121},
  issue = {13},
  pages = {130503},
  numpages = {7},
  year = {2018},
  month = {Sep},
  publisher = {American Physical Society},
  doi = {10.1103/PhysRevLett.121.130503},
  url = {https://link.aps.org/doi/10.1103/PhysRevLett.121.130503}
}

@article{ge2018,
  title = "{Distributed Quantum Metrology with Linear Networks and Separable Inputs}",
  author = {Ge, W. and Jacobs, K. and Eldredge, Z. and Gorshkov, A. V. and Foss-Feig, M.},
  journal = {Physical Review Letters},
  volume = {121},
  issue = {4},
  pages = {043604},
  numpages = {6},
  year = {2018},
  month = {Jul},
  publisher = {American Physical Society},
  doi = {10.1103/PhysRevLett.121.043604},
  url = {https://link.aps.org/doi/10.1103/PhysRevLett.121.043604}
}

@article{eldredge2018,
  title = {Optimal and secure measurement protocols for quantum sensor networks},
  author = {Eldredge, Z. and Foss-Feig, M. and Gross, J. A. and Rolston, S. L. and Gorshkov, A. V.},
  journal = {Physical Review A},
  volume = {97},
  issue = {4},
  pages = {042337},
  numpages = {9},
  year = {2018},
  publisher = {American Physical Society},
}

@article{knott2016local,
  title={Local versus global strategies in multiparameter estimation},
  author={Knott, P. A. and Proctor, T. J. and Hayes, A. J. and Ralph, J. F. and Kok, P. and Dunningham, J. A.},
  journal={Physical Review A},
  volume={94},
  number={6},
  pages={062312},
  year={2016},
  publisher={American Physical Society},
  doi = {10.1103/PhysRevA.94.062312},
  url = {https://link.aps.org/doi/10.1103/PhysRevA.94.062312},
}

@misc{proctor2017networked,
  title={Networked quantum sensing},
  author={{Proctor}, T.~J. and {Knott}, P.~A. and {Dunningham}, J.~A.},
  howpublished = {arXiv:1702.04271},
  year=2017,
}

@article{proctor2017networkedshort,
  title = {Multiparameter Estimation in Networked Quantum Sensors},
  author = {Proctor, T. J. and Knott, P. A. and Dunningham, J. A.},
  journal = {Physical Review Letters},
  volume = {120},
  issue = {8},
  pages = {080501},
  numpages = {6},
  year = {2018},
  publisher = {American Physical Society},
  doi = {10.1103/PhysRevLett.120.080501},
  url = {https://link.aps.org/doi/10.1103/PhysRevLett.120.080501}
}

% SINGLE-PARAMETER APPLICATIONS IN QUANTUM METROLOGY

@article{knott2014,
title = {Attaining subclassical metrology in lossy systems with entangled coherent states},
author = {Knott, P. A. and Munro, W. J. and Dunningham, J. A.},
journal = {Physical Review A},
volume = {89},
issue = {5},
pages = {053812},
numpages = {6},
year = {2014},
publisher = {American Physical Society},
doi = {10.1103/PhysRevA.89.053812},
url = {https://link.aps.org/doi/10.1103/PhysRevA.89.053812},
}

@article{friis2017,
author={N. Friis and D. Orsucci and M. Skotiniotis and P. Sekatski and V. Dunjko and H. J.
Briegel and W. D\"{u}r},
title={Flexible resources for quantum metrology},
journal={New Journal of Physics},
volume={19},
number={6},
pages={063044},
url={http://stacks.iop.org/1367-2630/19/i=6/a=063044},
year={2017},
}

@misc{hayes2018,
   author = {{Hayes}, A.~J. and {Dooley}, S. and {Munro}, W.~J. and {Nemoto}, K. and 	{Dunningham}, J.},
   title = "{Making the most of time in quantum metrology: concurrent state preparation and sensing}",
   howpublished = {arXiv:1801.03452},
   year = 2018},
}

@article{knott2016,
  author={P. A. Knott},
  title={A search algorithm for quantum state engineering and metrology},
  journal={New Journal of Physics},
  volume={18},
  number={7},
  pages={073033},
  url={http://stacks.iop.org/1367-2630/18/i=7/a=073033},
  year={2016},
}

@article{PaulProctor2016,
  title = "{Practical quantum metrology with large precision gains in the low-photon-number regime}",
  author = {Knott, P. A. and Proctor, T. J. and Hayes, A. J. and Cooling, J. P. and Dunningham, J. A.},
  journal = {Physical Review A},
  volume = {93},
  issue = {3},
  pages = {033859},
  numpages = {7},
  year = {2016},
  publisher = {American Physical Society},
  doi = {10.1103/PhysRevA.93.033859},
  url = {http://link.aps.org/doi/10.1103/PhysRevA.93.033859}
}

@article{Dowling1998,
title = "{Correlated input-port, matter-wave interferometer: Quantum-noise limits to the atom-laser gyroscope}",
author = {Dowling, J. P.},
journal = {Physical Review A},
volume = {57},
issue = {6},
pages = {4736--4746},
numpages = {0},
year = {1998},
publisher = {American Physical Society},
doi = {10.1103/PhysRevA.57.4736},
url = {http://link.aps.org/doi/10.1103/PhysRevA.57.4736}
}

@article{SahotaJames2013,
  title = {Quantum-enhanced phase estimation with an amplified Bell state},
  author = {Sahota, J. and James, D. F. V.},
  journal = {Physical Review A},
  volume = {88},
  issue = {6},
  pages = {063820},
  numpages = {5},
  year = {2013},
  publisher = {American Physical Society},
  doi = {10.1103/PhysRevA.88.063820},
  url = {http://link.aps.org/doi/10.1103/PhysRevA.88.063820}
}

% QUANTUM CORRELATIONS

@article{genoni2008,
  title = {Optimal estimation of entanglement},
  author = {Genoni, M. G. and Giorda, P. and Paris, M. G. A.},
  journal = {Physical Review A},
  volume = {78},
  issue = {3},
  pages = {032303},
  numpages = {9},
  year = {2008},
  publisher = {American Physical Society},
  doi = {10.1103/PhysRevA.78.032303},
  url = {http://link.aps.org/doi/10.1103/PhysRevA.78.032303}
}

@article{sahota2015,
title = "{Quantum correlations in optical metrology: Heisenberg-limited phase estimation without mode entanglement}",
author = {Sahota, J. and Quesada, N.},
journal = {Physical Review A},
volume = {91},
issue = {1},
pages = {013808},
numpages = {7},
year = {2015},
publisher = {American Physical Society},
doi = {10.1103/PhysRevA.91.013808},
url = {http://link.aps.org/doi/10.1103/PhysRevA.91.013808}
}

@article{sahota2016,
  title = {Physical resources for optical phase estimation},
  author = {Sahota, J. and Quesada, N. and James, D. F. V.},
  journal = {Physical Review A},
  volume = {94},
  issue = {3},
  pages = {033817},
  numpages = {8},
  year = {2016},
  publisher = {American Physical Society},
  doi = {10.1103/PhysRevA.94.033817},
  url = {https://link.aps.org/doi/10.1103/PhysRevA.94.033817}
}

@article{plenio2007,
 author = {Plenio, Martin B. and Virmani, Shashank},
 title = "{An Introduction to Entanglement Measures}",
 journal = {Quantum Info. Comput.},
 volume = {7},
 number = {1},
 year = {2007},
 issn = {1533-7146},
 pages = {1--51},
 numpages = {51},
 acmid = {2011707},
 publisher = {Rinton Press, Incorporated},
 address = {Paramus, NJ}
} 

% QUANTUM ESTIMATION THEORY

@article{braun2018,
  title = {Quantum-enhanced measurements without entanglement},
  author = {Braun, D. and Adesso, G. and Benatti, F. and Floreanini, R. and Marzolino, U. and Mitchell, M. W. and Pirandola, S.},
  journal = {Reviews of Modern Physics},
  volume = {90},
  issue = {3},
  pages = {035006},
  numpages = {47},
  year = {2018},
  publisher = {American Physical Society},
  doi = {10.1103/RevModPhys.90.035006},
  url = {https://link.aps.org/doi/10.1103/RevModPhys.90.035006}
}

@misc{tej2018,
author = {J. Prabhu Tej and Syed Raunaq Ahmed and A. R. Usha Devi and A. K. Rajagopal},
title = "{Quantum hypothesis testing and state discrimination}",
howpublished = {arXiv:1803.04944},
year = 2018,
}

@article{iwo1993,
author={I. Bialynicki-Birula and M. Freyberger and W. Schleich},
title="{Various measures of quantum phase uncertainty: a comparative study}",
journal={Physica Scripta},
volume={1993},
number={T48},
pages={113}, 
url={http://stacks.iop.org/1402-4896/1993/i=T48/a=017},
year={1993},
}

@article{paris2009,
author = {Paris, M. G. A.},
title = {Quantum estimation for quantum metrology},
journal = {International Journal of Quantum Information},
volume = {07},
number = {supp01},
pages = {125-137},
year = {2009},
doi = {10.1142/S0219749909004839},
}

@article{demkowicz2011,
  title = {Optimal phase estimation with arbitrary a priori knowledge},
  author = {Demkowicz-Dobrza\ifmmode \acute{n}\else \'{n}\fi{}ski, R.},
  journal = {Physical Review A},
  volume = {83},
  issue = {6},
  pages = {061802},
  numpages = {4},
  year = {2011},
  publisher = {American Physical Society},
  doi = {10.1103/PhysRevA.83.061802},
  url = {https://link.aps.org/doi/10.1103/PhysRevA.83.061802}
}

@article{tsang2016,
  author={X.-M. Lu and M. Tsang},
  title="{Quantum Weiss-Weinstein bounds for quantum metrology}",
  journal={Quantum Science and Technology},
  volume={1},
  number={1},
  pages={015002},
  url={http://stacks.iop.org/2058-9565/1/i=1/a=015002},
  year={2016},
}

@article{helstrom1967mmse,
title = "Minimum mean-squared error of estimates in quantum statistics",
journal = "Physics Letters A",
volume = "25",
number = "2",
pages = "101 - 102",
year = "1967",
note = "",
issn = "0375-9601",
doi = "http://dx.doi.org/10.1016/0375-9601(67)90366-0",
url = "http://www.sciencedirect.com/science/article/pii/0375960167903660",
author = {Helstrom, C. W.}, 
}

@ARTICLE{personick1971, 
author={S. Personick}, 
journal={IEEE Transactions on Information Theory}, 
title={Application of quantum estimation theory to analog communication over quantum channels}, 
year={1971}, 
volume={17}, 
number={3}, 
pages={240-246}, 
doi={10.1109/TIT.1971.1054643}, 
ISSN={0018-9448}, 
}

@book{helstrom1976,
author = {Helstrom, C. W.}, 
title = "{Quantum Detection and Estimation Theory}",
publisher = {Academic Press},  
address = {New York},
year = 1976
}

@article{BraunsteinCaves1994,
  title = {Statistical distance and the geometry of quantum states},
  author = {Braunstein, S.  L. and Caves, C.  M.},
  journal = {Physical Review Letters},
  volume = {72},
  issue = {22},
  pages = {3439--3443},
  numpages = {0},
  year = {1994},
  publisher = {American Physical Society},
  doi = {10.1103/PhysRevLett.72.3439},
  url = {http://link.aps.org/doi/10.1103/PhysRevLett.72.3439}
}

@article{tsang2012,
  title = "{Ziv-Zakai Error Bounds for Quantum Parameter Estimation}",
  author = {Tsang, M.},
  journal = {Physical Review Letters},
  volume = {108},
  issue = {23},
  pages = {230401},
  numpages = {5},
  year = {2012},
  publisher = {American Physical Society},
  doi = {10.1103/PhysRevLett.108.230401},
  url = {http://link.aps.org/doi/10.1103/PhysRevLett.108.230401}
}

@article{liu2016,
  author={J. Liu and H. Yuan},
  title={Valid lower bound for all estimators in quantum parameter estimation},
  journal={New Journal of Physics},
  volume={18},
  number={9},
  pages={093009},
  url={http://stacks.iop.org/1367-2630/18/i=9/a=093009},
  year={2016},
}

% ASYMPTOTIC ESTIMATION THEORY

@article{guta2007,
issn = {0010-3616},
journal = {Communications in Mathematical Physics},
pages = {341--379},
volume = {276},
publisher = {Springer-Verlag},
number = {2},
year = {2007},
title = {Local Asymptotic Normality in Quantum Statistics},
address = {Berlin/Heidelberg},
author = {Gu\c{t}\u{a}, M\u{a}d\u{a}lin and Jen\v{a}ov\'{a}, Anna},
doi={10.1007/s00220-007-0340-1},
url={https://doi.org/10.1007/s00220-007-0340-1}
}

@article{hayashi2008,
  title={Asymptotic performance of optimal state estimation in qubit system},
  author={Hayashi, Masahito and Matsumoto, Keiji},
  journal={Journal of Mathematical Physics},
  volume={49},
  number={10},
  pages={102101},
  year={2008},
  publisher={AIP}
}

@book{lecam1986,
publisher = "Springer",
isbn = "0387963073",
year = "1986",
title = "Asymptotic methods in statistical decision theory",
author = "Le Cam, L. M.",
}

@book{vaart1998,
publisher = "Cambridge University Press",
isbn = "9780511802256",
year = "1998",
title = "Asymptotic statistics",
author = "Vaart, A. W. van der",
}

%  FREQUENCY ESTIMATION

@article{smirne2018,
  author={A. Smirne and A. Lemmer and M. B. Plenio and S. F. Huelga},
  title={Improving the precision of frequency estimation via long-time coherences},
  journal={Quantum Science and Technology},
  volume={4},
  number={2},
  pages={025004},
  url={http://stacks.iop.org/2058-9565/4/i=2/a=025004},
  year={2019},
}

@article{macieszczak2014bayesian,
author={Macieszczak, K. and Fraas, M. and Demkowicz-Dobrza\ifmmode \acute{n}\else \'{n}\fi{}ski, R.},
title={Bayesian quantum frequency estimation in presence of collective dephasing}, 
journal={New Journal of Physics},
volume={16},
number={11},
pages={113002},
url={http://stacks.iop.org/1367-2630/16/i=11/a=113002},
year={2014}
}

@article{chabuda2016allanvariance,
  author={K. Chabuda and I. D. Leroux and Demkowicz-Dobrza\ifmmode \acute{n}\else \'{n}\fi{}ski, R.},
  title="{The quantum Allan variance}",
  journal={New Journal of Physics},
  volume={18},
  number={8},
  pages={083035},
  url={http://stacks.iop.org/1367-2630/18/i=8/a=083035},
  year={2016},
  abstract={The instability of an atomic clock is characterized by the Allan variance, a measure widely used to describe the noise of frequency standards. We provide an explicit method to find the ultimate bound on the Allan variance of an atomic clock in the most general scenario where N atoms are prepared in an arbitrarily entangled state and arbitrary measurement and feedback are allowed, including those exploiting coherences between succeeding interrogation steps. While the method is rigorous and general, it becomes numerically challenging for large N and long averaging times.}
}

% OPTICAL QUANTUM METROLOGY

@article{lee2016,
  title = {Quantum phase estimation using path-symmetric entangled states},
  author = {Lee, S.-Y. and Lee, C.-W. and Lee, J. and Nha, H.},
  journal = {Scientific Reports},
  volume = {6},
  pages = {30306},
  year = {2016},
}

@article{dowling2008,
author = { J. P.  Dowling },
title ="{Quantum optical metrology - the lowdown on high-N00N states}",
journal = {Contemporary Physics},
volume = {49},
number = {2},
pages = {125-143},
year  = {2008},
publisher = {Taylor & Francis},
doi={10.1080/00107510802091298},
url={https://doi.org/10.1080/00107510802091298}
}

@article{alfredo1996,
doi = {10.1103/physreva.54.4564},
url = {https://doi.org/10.1103%2Fphysreva.54.4564},
year = 1996,
publisher = {American Physical Society ({APS})},
volume = {54},
umber = {5},
pages = {4564--4570},
author = {A. Luis and J. Pe{\v{r}}ina},
title = {Optimum phase-shift estimation and the quantum description of the phase difference},
journal = {Physical Review A}
}

@article{lumino2017,
  title = {Experimental Phase Estimation Enhanced by Machine Learning},
  author = {Lumino, A. and Polino, E. and Rab, A. S. and Milani, G. and Spagnolo, N. and Wiebe, N. and Sciarrino, F.},
  journal = {Physical Review Applied},
  volume = {10},
  issue = {4},
  pages = {044033},
  numpages = {13},
  year = {2018},
  publisher = {American Physical Society},
  doi = {10.1103/PhysRevApplied.10.044033},
  url = {https://link.aps.org/doi/10.1103/PhysRevApplied.10.044033}
}

@article{durkin2007,
  title = {Local and Global Distinguishability in Quantum Interferometry},
  author = {Durkin, G. A. and Dowling, J. P.},
  journal = {Physical Review Letters},
  volume = {99},
  issue = {7},
  pages = {070801},
  numpages = {4},
  year = {2007},
  doi = {10.1103/PhysRevLett.99.070801},
  url = {https://link.aps.org/doi/10.1103/PhysRevLett.99.070801}
}

@article{berry2000,
title = {Optimal States and Almost Optimal Adaptive Measurements for Quantum Interferometry},
author = {Berry, D. W. and Wiseman, H. M.},
journal = {Physical Review Letters},
volume = {85},
issue = {24},
pages = {5098--5101},
numpages = {0},
year = {2000},
publisher = {American Physical Society},
doi = {10.1103/PhysRevLett.85.5098},
url = {https://link.aps.org/doi/10.1103/PhysRevLett.85.5098}
}

@article{dunningham2006,
author = { J. A. Dunningham },
title = {Using quantum theory to improve measurement precision},
journal = {Contemporary Physics},
volume = {47},
number = {5},
pages = {257--267},
year = {2006},
doi = {10.1080/00107510601009871},
url = {https://doi.org/10.1080/00107510601009871}
}

@article{Giovannetti2011,
author = {Giovannetti, V. and Lloyd, S. and Maccone, L.},
title = {Advances in quantum metrology},
journal = {Nature Photonic},
volume = {5},
pages = {222-229},
year = {2011},
doi = {10.1038/nphoton.2011.35},
URL = {http://dx.doi.org/10.1038/nphoton.2011.35},
}

@article{giovanetti2006review,
  title = {Quantum Metrology},
  author = {Giovannetti, V. and Lloyd, S. and Maccone, L.},
  journal = {Physical Review Letters},
  volume = {96},
  issue = {1},
  pages = {010401},
  numpages = {4},
  year = {2006},
  publisher = {American Physical Society},
  doi = {10.1103/PhysRevLett.96.010401},
  url = {https://link.aps.org/doi/10.1103/PhysRevLett.96.010401}
}

@article{rafal2015,
title = "{Quantum Limits in Optical Interferometry}",
author = {Demkowicz-Dobrza\ifmmode \acute{n}\else \'{n}\fi{}ski, R. and M. Jarzyna and Ko\l{}ody\ifmmode \acute{n}\else \'{n}\fi{}ski, J.},
journal = {Progress in Optics},
volume = {60},
pages = {345-435},
year = {2015},
editor = {E. Wolf},
publisher = {Elsevier},
doi={10.1016/bs.po.2015.02.003},
url={https://doi.org/10.1016/bs.po.2015.02.003}
}

@article{yurke1986,
title = "{SU(2) and SU(1,1) interferometers}",
author = {Yurke, B. and McCall, S. L. and Klauder, J. R.},
journal = {Physical Review A},
volume = {33},
issue = {6},
pages = {4033--4054},
numpages = {0},
year = {1986},
publisher = {American Physical Society},
doi = {10.1103/PhysRevA.33.4033},
url = {http://link.aps.org/doi/10.1103/PhysRevA.33.4033}
}

@article{HofmannHolger2009,
title = {All path-symmetric pure states achieve their maximal phase sensitivity in conventional two-path interferometry},
author = {Hofmann, H. F.},
journal = {Physical Review A},
volume = {79},
issue = {3},
pages = {033822},
numpages = {4},
year = {2009},
publisher = {American Physical Society},
doi = {10.1103/PhysRevA.79.033822},
url = {http://link.aps.org/doi/10.1103/PhysRevA.79.033822}
}

@article{jarzyna2012,
  title = {Quantum interferometry with and without an external phase reference},
  author = {Jarzyna, M. and Demkowicz-Dobrza\ifmmode \acute{n}\else \'{n}\fi{}ski, R.},
  journal = {Physical Review A},
  volume = {85},
  issue = {1},
  pages = {011801},
  numpages = {4},
  year = {2012},
  publisher = {American Physical Society},
  doi = {10.1103/PhysRevA.85.011801},
  url = {http://link.aps.org/doi/10.1103/PhysRevA.85.011801}
}

% QUANTUM LIMITS

@article{hall2012,
title = "{Does Nonlinear Metrology Offer Improved Resolution? Answers from Quantum Information Theory}",
author = {Hall, M. J. W. and Wiseman, H. M.},
journal = {Physical Review X},
volume = {2},
issue = {4},
pages = {041006},
numpages = {10},
year = {2012},
publisher = {American Physical Society},
doi = {10.1103/PhysRevX.2.041006},
url = {https://link.aps.org/doi/10.1103/PhysRevX.2.041006}
}

@article{jarzyna2015true,
author={M. Jarzyna and Demkowicz-Dobrza\ifmmode \acute{n}\else \'{n}\fi{}ski, R.},
title={True precision limits in quantum metrology},
journal={New Journal of Physics},
volume={17},
number={1},
pages={013010},
url={http://stacks.iop.org/1367-2630/17/i=1/a=013010},
year={2015},
}

@article{Braunstein1994,
  title = {Some limits to precision phase measurement},
  author = {Braunstein, S. L.},
  journal = {Physical Review A},
  volume = {49},
  issue = {1},
  pages = {69--75},
  numpages = {0},
  year = {1994},
  publisher = {American Physical Society},
  doi = {10.1103/PhysRevA.49.69},
  url = {http://link.aps.org/doi/10.1103/PhysRevA.49.69}
}

@article{giovannetti2004,
  title = "{Quantum-Enhanced Measurements: Beating the Standard Quantum Limit}",
  author = {V. Giovannetti, S. Lloyd,  L. Maccone},
  journal = {Physical Review A},
  volume = {306},
  pages = {1330},
  year = {2004},
  publisher = {Science},
  doi = {http://dx.doi.org/10.1126/science.1104149},
  url = {http://science.sciencemag.org/content/306/5700/1330}
}

@article{hall2012heisenberglimit,
  title = "{Universality of the Heisenberg limit for estimates of random phase shifts}",
  author = {Hall, M. J. W. and Berry, D. W. and Zwierz, M. and Wiseman, H. M.},
  journal = {Physical Review A},
  volume = {85},
  issue = {4},
  pages = {041802},
  numpages = {4},
  year = {2012},
  publisher = {American Physical Society},
  doi = {10.1103/PhysRevA.85.041802},
  url = {http://link.aps.org/doi/10.1103/PhysRevA.85.041802}
}

@article{zwierz2012,
  title = "{Ultimate limits to quantum metrology and the meaning of the Heisenberg limit}",
  author = {Zwierz, M. and P\'erez-Delgado, C. A. and Kok, P.},
  journal = {Physical Review A},
  volume = {85},
  issue = {4},
  pages = {042112},
  numpages = {8},
  year = {2012},
  publisher = {American Physical Society},
  doi = {10.1103/PhysRevA.85.042112},
  url = {http://link.aps.org/doi/10.1103/PhysRevA.85.042112}
}

@article{rivas2012,
  author={A. Rivas and A. Luis},
  title="{Sub-Heisenberg estimation of non-random phase shifts}",
  journal={New Journal of Physics},
  volume={14},
  number={9},
  pages={093052},
  url={http://stacks.iop.org/1367-2630/14/i=9/a=093052},
  doi={10.1088/1367-2630/14/9/093052},
  year={2012},
}

@article{pezze2013,
  title = "{Sub-Heisenberg phase uncertainties}",
  author = {{Pezz{\`e}}, L.},
  journal = {Physical Review A},
  volume = {88},
  issue = {6},
  pages = {060101},
  numpages = {5},
  year = {2013},
  publisher = {American Physical Society},
  doi = {10.1103/PhysRevA.88.060101},
  url = {http://link.aps.org/doi/10.1103/PhysRevA.88.060101}
}

@article{giovannetti2012subheisenberg,
title = "{Sub-Heisenberg Estimation Strategies Are Ineffective}",
author = {Giovannetti, V. and Maccone, L.},
journal = {Physical Review Letters},
volume = {108},
issue = {21},
pages = {210404},
numpages = {5},
year = {2012},
publisher = {American Physical Society},
doi = {10.1103/PhysRevLett.108.210404},
url = {https://link.aps.org/doi/10.1103/PhysRevLett.108.210404}
}

@article{berry2012infinite,
  title = "{Optimal Heisenberg-style bounds for the average performance of arbitrary phase estimates}",
  author = {Berry, D. W. and Hall, M. J. W. and Zwierz, M. and Wiseman, H. M.},
  journal = {Physical Review A},
  volume = {86},
  issue = {5},
  pages = {053813},
  numpages = {20},
  year = {2012},
  publisher = {American Physical Society},
  doi = {10.1103/PhysRevA.86.053813},
  url = {https://link.aps.org/doi/10.1103/PhysRevA.86.053813}
}

@article{alfredo2017,
title = "{Breaking the weak Heisenberg limit}",
author = {Luis, A.},
journal = {Physical Review A},
volume = {95},
issue = {3},
pages = {032113},
numpages = {5},
year = {2017},
publisher = {American Physical Society},
doi = {10.1103/PhysRevA.95.032113},
url = {https://link.aps.org/doi/10.1103/PhysRevA.95.032113}
}

@article{Combes2014,
  title = {Quantum limits on postselected, probabilistic quantum metrology},
  author = {Combes, J. and Ferrie, C. and Jiang, Z. and Caves, C. M.},
  journal = {Physical Review A},
  volume = {89},
  issue = {5},
  pages = {052117},
  numpages = {10},
  year = {2014},
  publisher = {American Physical Society},
  doi = {10.1103/PhysRevA.89.052117},
  url = {http://link.aps.org/doi/10.1103/PhysRevA.89.052117}
}

@article{zhang2013,
author={Y. R. Zhang and G. R. Jin and J. P. Cao and W. M. Liu and H. Fan},
title="{Unbounded quantum Fisher information in two-path interferometry with finite photon number}",
journal={Journal of Physics A: Mathematical and Theoretical},
volume={46},
number={3},
pages={035302},
year={2013},
}

% QUANTUM INFORMATION THEORY

@book{nielsen2010,
publisher = "Cambridge University Press",
isbn = "9781107002173",
year = "2010",
title = "Quantum computation and quantum information",
edition = "10th anniversary",
address = "Cambridge",
author = "Nielsen, M. A. and Chuang, I. L.",
}

% QUANTUM MECHANICS

@book{isham1995,
publisher = {Imperial College P.},
address = {London},
isbn = {1860940013},
year = {1995},
title = {Lectures on quantum theory: mathematical and structural foundations},
language = {eng},
author = {Isham, C. J.},
}

@book{barnett2002,
author = {Barnett, S. M. and Radmore, P. M.}, 
title = "{Methods in Theoretical Quantum Optics}",
publisher = {Oxford University Press},  
year = 2002
}

@Article{paris2012,
author="Paris, M. G. A.",
title="The modern tools of quantum mechanics",
journal="The European Physical Journal Special Topics",
year="2012",
day="01",
volume="203",
number="1",
pages="61--86",
issn="1951-6401",
doi="10.1140/epjst/e2012-01535-1",
url="https://doi.org/10.1140/epjst/e2012-01535-1"
}

@ARTICLE{englert2013,
author = {{Englert}, B.-G.},
title = "{On quantum theory}",
journal = {European Physical Journal D},
year = 2013,
volume = 67,
eid = {238},
pages = {238},
doi = {10.1140/epjd/e2013-40486-5},
adsurl = {http://adsabs.harvard.edu/abs/2013EPJD...67..238E},
}

% PROBABILITY THEORY

@book{jeffreys1961,
publisher = {Clarendon P.},
year = {1961},
title = {Theory of Probability},
edition = {3rd},
author = {Jeffreys, H.},
}

@book{holevo2011,
title="{Probabilistic and Statistical Aspects of Quantum Theory}",
author={Holevo, A. S.},
isbn={9788876423789},
year=2011,
publisher={Edizioni della Normale, Springer Basel},
doi={10.1007/978-88-7642-378-9},
url={https://doi.org/10.1007/978-88-7642-378-9}
}

@book{jaynes2003,
author    = {Jaynes, E. T.}, 
title     = "{Probability Theory: The Logic of Science}",
publisher = {Cambridge University Press},  
year      = 2003,
isbn      = {0521592712 hardback},
doi={10.1017/CBO9780511790423},
url={https://doi.org/10.1017/CBO9780511790423}
}

@book{cox2000,
author    = {Cox, D. R.  and Hinkley, D. V.}, 
title     = "{Theoretical Statistics}",
publisher = {Chapman \& Hall},  
year      = 2000,
isbn      = {0412161605}
}

@article{jaynes1968,
issn = "0536-1567",
journal = "IEEE Transactions on Systems and Cybernetics",
pages = "227--241",
volume = "4",
publisher = "IEEE",
number = "3",
year = "1968",
title = "Prior Probabilities",
author = "Jaynes, E. T.",
}

% ESTIMATION THEORY

@Article{li2018,
author = {Li, Y. and {Pezz{\`e}}, L. and Gessner, M. and Ren, Z. and Li, W. and Smerzi, A.},
title = "{Frequentist and Bayesian Quantum Phase Estimation}",
journal = {Entropy},
volume = {20},
year = {2018},
number = {9},
article-number = {628},
url = {http://www.mdpi.com/1099-4300/20/9/628},
issn = {1099-4300},
}

@article{basu2000,
title = "A global lower bound on parameter estimation error with periodic distortion functions",
author = "Samit Basu and Yoram Bresler",
year = "2000",
doi = "10.1109/18.841198",
volume = "46",
pages = "1145--1150",
journal = "IEEE Transactions on Information Theory",
issn = "0018-9448",
publisher = "Institute of Electrical and Electronics Engineers Inc.",
number = "3",
}

@misc{macieszczak2013,
author = {{Macieszczak}, K.},
title = "{Quantum Fisher Information: Variational principle and simple iterative algorithm for its efficient computation}",
howpublished = {arXiv:1312.1356 },
year = 2013,
}

@article{esteban2017,
  title = {Quantum estimation of unknown parameters},
  author = {Mart\'{\i}nez-Vargas, E. and Pineda, C. and Leyvraz, F. and Barberis-Blostein, P.},
  journal = {Physical Review A},
  volume = {95},
  issue = {1},
  pages = {012136},
  numpages = {5},
  year = {2017},
  publisher = {American Physical Society},
  doi = {10.1103/PhysRevA.95.012136},
  url = {https://link.aps.org/doi/10.1103/PhysRevA.95.012136}
}

@book{kay1993,
author = {Kay, S. M.}, 
title = "{Fundamentals of Statistical Signal Processing: Estimation Theory}",
publisher = {Prentice Hall},  
year = 1993,
}

@ARTICLE{weinstein1988,
author={E. Weinstein and A. J. Weiss},
journal={IEEE Transactions on Information Theory},
title={A general class of lower bounds in parameter estimation},
year={1988},
volume={34},
number={2},
pages={338-342},
doi={10.1109/18.2647},
ISSN={0018-9448},
}

@article{gill1995,
 ISSN = {13507265},
 URL = {http://www.jstor.org/stable/3318681},
 author = {R. D. Gill and B. Y. Levit},
 journal = {Bernoulli},
 number = {1/2},
 pages = {59-79},
 publisher = {International Statistical Institute (ISI) and Bernoulli Society for Mathematical Statistics and Probability},
 title = "{Applications of the van Trees inequality: A Bayesian Cram\'{e}r-Rao Bound}",
 volume = {1},
 year = {1995}
}

@article{braunstein_maxlikelihood1992,
  title = {Maximum-likelihood analysis of multiple quantum phase measurements},
  author = {Braunstein, S. L. and Lane, A. S. and Caves, C. M.},
  journal = {Physical Review Letters},
  volume = {69},
  issue = {15},
  pages = {2153--2156},
  numpages = {0},
  year = {1992},
  publisher = {American Physical Society},
  doi = {10.1103/PhysRevLett.69.2153},
  url = {https://link.aps.org/doi/10.1103/PhysRevLett.69.2153}
}
  	
@article{braunstein_gaussian1992,
  author={S. L. Braunstein},
  title="{How large a sample is needed for the maximum likelihood estimator to be approximately Gaussian?}",
  journal={Journal of Physics A: Mathematical and General},
  volume={25},
  number={13},
  pages={3813},
  url={http://stacks.iop.org/0305-4470/25/i=13/a=027},
  year={1992},
}

@book{bayesbounds2007,
  author    = {van Trees, H. L. and Bell, K. L.}, 
  title     = "{Bayesian Bounds for Parameter Estimation and Nonlinear Filtering/Tracking}",
  publisher = {Jonh Wiley \& Sons, Inc.},  
  year      = 2007,
  isbn      = {9780470120958}
}

% MATHEMATICAL METHODS

@book{bhatia1997,
series = {Graduate texts in mathematics; 169},
publisher = {Springer},
isbn = {0387948465},
year = {1997},
title = {Matrix analysis},
address = {New York, N.Y.},
author = {Bhatia, R.},
lccn = {96032217},
}

@book{horn1985,
publisher = {Cambridge University Press},
isbn = {0521305861},
year = {1985},
title = {Matrix analysis},
author = {Horn, R. A.},
}

@book{mathematics2004,
  author    = {Riley, K. F. and Hobson, M. P. and Bence, S. J.}, 
  title     = "{Mathematical methods for physics and engineering}",
  publisher = {Cambridge University Press},  
  year      = 2004,
  isbn      = {0521890675}
}

@book{numerics2014matlab,
  author    = {Quarteorni, A. and Saleri, F. and Gervasio, P.}, 
  title     = "{Scientific Computing with MATLAB and Octave}",
  publisher = {Springer},  
  year      = 2014,
  isbn      = {2014932425}
}

@book{matrixcook2012,
    author       = "K. B. Petersen and M. S. Pedersen",
    title        = "The Matrix Cookbook",
    year         = "2012",
    publisher    = "Technical University of Denmark",
    note         = "Version 20121115",
}

% OTHER THESES

@phdthesis{personick1969thesis,
  author = {S. Personick}, 
  title = {Efficient analog communication over quantum channels},
  school = {Dep. Elec. Eng., M.I.T., Cambridge,
Mass.},
  year = 1969,
}

@PHDTHESIS{jarzyna2016thesis,
 author = {{Jarzyna}, M.},
    title = "{Phase Coherence in Quantum Metrology and Communication}",
    school = {University of Warsaw},
    year=2016,
}

@PHDTHESIS{berry2002,
   author = {{Berry}, D.},
   title = "{Adaptive Phase Measurements}",
   school = {University of Queensland, arXiv:0202136},
   year = 2002,
}

@phdthesis{kolodynski2014,
author = {Ko\l{}ody\ifmmode \acute{n}\else \'{n}\fi{}ski, J.},
title = "{Precision bounds in noisy quantum metrology}",
school = {University of Warsaw, arXiv:1409.0535},
year=2014,
}

% QUANTUM RADAR AND LIDAR

@article{tan_2008,
  title = {Quantum Illumination with Gaussian States},
  author = {Tan, Si-Hui and Erkmen, Baris I. and Giovannetti, Vittorio and Guha, Saikat and Lloyd, Seth and Maccone, Lorenzo and Pirandola, Stefano and Shapiro, Jeffrey H.},
  journal = {Physical Review Letters},
  volume = {101},
  issue = {25},
  pages = {253601},
  numpages = {4},
  year = {2008},
  publisher = {American Physical Society},
}

@article{Sanz2017,
  title = {Quantum Estimation Methods for Quantum Illumination},
  author = {Sanz, M. and Las Heras, U. and Garc\'{\i}a-Ripoll, J. J. and Solano, E. and Di Candia, R.},
  journal = {Physical Review Letters},
  volume = {118},
  issue = {7},
  pages = {070803},
  numpages = {5},
  year = {2017},
  publisher = {American Physical Society},
}

@article{shabir2015,
  title = "{Microwave Quantum Illumination}",
  author = {Barzanjeh, S. and Guha, S. and Weedbrook, C. and Vitali, D. and Shapiro, J. H. and Pirandola, S.},
  journal = {Physical Review Letters},
  volume = {114},
  issue = {8},
  pages = {080503},
  numpages = {5},
  year = {2015},
  publisher = {American Physical Society},
  doi = {10.1103/PhysRevLett.114.080503},
  url = {https://link.aps.org/doi/10.1103/PhysRevLett.114.080503}
}

@article{kebei2013,
journal = {Journal of Applied Physics},
volume = {114},
publisher = {American Institute of Physics},
number = {19},
year = {2013},
pages={193102},
title = {Super-resolving quantum radar: Coherent-state sources with homodyne detection suffice to beat the diffraction limit},
author = {Jiang, K. and Lee, H. and Gerry, C. C. and Dowling, J. P.},
url={https://doi.org/10.1063/1.4829016},
doi={10.1063/1.4829016}
}

@book{lanzagorta2012,
address={USA},
series = {Synthesis digital library of engineering and computer science},
publisher = {Morgan \& Claypool},
isbn = {9781608458271},
year = {2012},
title = {Quantum radar},
author = {Lanzagorta, M.},
}

@article{zhuang2017,
title = {Entanglement-enhanced lidars for simultaneous range and velocity measurements},
author = {Zhuang, Q. and Zhang, Z. and Shapiro, J. H.},
journal = {Physical Review A},
volume = {96},
issue = {4},
pages = {040304},
numpages = {6},
year = {2017},
publisher = {American Physical Society},
doi = {10.1103/PhysRevA.96.040304},
url = {https://link.aps.org/doi/10.1103/PhysRevA.96.040304}
}

@article{wang2016,
journal = {Journal of Applied Physics},
volume = {119},
publisher = {AIP Publishing LLC},
number = {2},
year = {2016},
pages={023109},
title = {Optimal detection strategy for super-resolving quantum lidar},
author = {Wang, Q. and Hao, L. and Zhang, Y. and Yang, C. and Yang, X. and Xu, L. and Zhao, Y.},
url={https://doi.org/10.1063/1.4939777},
doi={10.1063/1.4939777}
}

% FINITE INFORMATION PROCESSING

@article {lyons2018,
author = {Lyons, Ashley and Knee, George C. and Bolduc, Eliot and Roger, Thomas and Leach, Jonathan and Gauger, Erik M. and Faccio, Daniele},
title = {Attosecond-resolution Hong-Ou-Mandel interferometry},
volume = {4},
number = {5},
year = {2018},
pages={eaap9416},
publisher = {American Association for the Advancement of Science},
journal = {Science Advances},
url = {http://advances.sciencemag.org/content/4/5/eaap9416},
doi={10.1126/sciadv.aap9416}
}

@article{massar1995,
  title = {Optimal Extraction of Information from Finite Quantum Ensembles},
  author = {Massar, S. and Popescu, S.},
  journal = {Physical Review Letters},
  volume = {74},
  issue = {8},
  pages = {1259--1263},
  numpages = {0},
  year = {1995},
  publisher = {American Physical Society},
  doi = {10.1103/PhysRevLett.74.1259},
  url = {https://link.aps.org/doi/10.1103/PhysRevLett.74.1259}
}

@article{haase2018jul,
  author={{Haase}, J.~F. and {Smirne}, A. and {Huelga}, S.~F. and Ko\l{}ody\ifmmode \acute{n}\else \'{n}\fi{}ski, J. and Demkowicz-Dobrza\ifmmode \acute{n}\else \'{n}\fi{}ski, R.},
  title="{Precision Limits in Quantum Metrology with Open Quantum Systems}",
  journal={Quantum Measurements and Quantum Metrology},
  volume={5},
  issue={1},
  pages={13--39},
  doi = {10.1515/qmetro-2018-0002},
  url={https://www.degruyter.com/view/j/qmetro.2018.5.issue-1/qmetro-2018-0002/qmetro-2018-0002.xml},
  year={2018},
}

@article{haase2018may,
  author={J. F. Haase and A. Smirne and Ko\l{}ody\ifmmode \acute{n}\else \'{n}\fi{}ski, J. and Demkowicz-Dobrza\ifmmode \acute{n}\else \'{n}\fi{}ski, R. and S. F. Huelga},
  title={Fundamental limits to frequency estimation: a comprehensive microscopic perspective},
  journal={New Journal of Physics},
  volume={20},
  number={5},
  pages={053009},
  url={http://stacks.iop.org/1367-2630/20/i=5/a=053009},
  year={2018},
}

% PARITY MEASUREMENTS

@article{gerry2010,
author = { C. C. Gerry  and  J.  Mimih },
title = {The parity operator in quantum optical metrology},
journal = {Contemporary Physics},
volume = {51},
number = {6},
pages = {497-511},
year  = {2010},
publisher = {Taylor & Francis},
doi={10.1080/00107514.2010.509995},
url={https://doi.org/10.1080/00107514.2010.509995}
}

@article{chiruvelli2011,
author = { A. Chiruvelli  and  H. Lee },
title = {Parity measurements in quantum optical metrology},
journal = {Journal of Modern Optics},
volume = {58},
number = {11},
pages = {945-953},
year  = {2011},
publisher = {Taylor & Francis},
doi = {10.1080/09500340.2011.585251},
url = { https://www.tandfonline.com/doi/abs/10.1080/09500340.2011.585251},
}

% EXPERIMENTAL PAPERS

@article{schafermeier2018,
author = {C. Sch\"{a}fermeier and M. Je\v{z}ek and L. S. Madsen and T. Gehring and U. L. Andersen},
journal = {Optica},
number = {1},
pages = {60--64},
publisher = {OSA},
title = {Deterministic phase measurements exhibiting super-sensitivity and super-resolution},
volume = {5},
month = {Jan},
year = {2018},
doi={10.1364/OPTICA.5.000060},
url={https://doi.org/10.1364/OPTICA.5.000060}
}

% OTHER RESULTS IN QUANTUM METROLOGY (more practical papers)

@book{taylor2015,
author = {Taylor, M.}, 
title = "{Quantum Microscopy of Biological Systems}",
publisher = {Springer International Publishing Switzerland},  
year = 2015,
isbn = {978-3-319-18938-3},
url = {https://www.springer.com/gp/book/9783319189376},
doi = {10.1007/978-3-319-18938-3}
}

@article{taylor2016,
issn = {03701573},
journal = {Physics Reports},
pages = {1--59},
volume = {615},
year = {2016},
title = {Quantum metrology and its application in biology},
author = {Taylor, M. A. and Bowen, W. P.},
doi={10.1016/j.physrep.2015.12.002},
url={https://doi.org/10.1016/j.physrep.2015.12.002}
}

@article{pototschnig2011,
  title = {Controlling the Phase of a Light Beam with a Single Molecule},
  author = {Pototschnig, M. and Chassagneux, Y. and Hwang, J. and Zumofen, G. and Renn, A. and Sandoghdar, V.},
  journal = {Physical Review Letters},
  volume = {107},
  issue = {6},
  pages = {063001},
  numpages = {5},
  year = {2011},
  publisher = {American Physical Society},
  doi = {10.1103/PhysRevLett.107.063001},
  url = {https://link.aps.org/doi/10.1103/PhysRevLett.107.063001}
}

@article{eckert2007,
issn = {1745-2473},
journal = {Nature Physics},
volume = {4},
publisher = {Nature Publishing Group},
number = {1},
year = {2007},
pages={50--54},
title = {Quantum non-demolition detection of strongly correlated systems},
author = {K. Eckert and O. Romero-Isart and M. Rodriguez and M. Lewenstein and E. S. Polzik and A. Sanpera},
url={http://dx.doi.org/10.1038/nphys776},
doi = {10.1038/nphys776}
}

@article{carlton2010,
issn = {0027-8424},
journal = {Proceedings of the National Academy of Sciences},
volume = {107},
publisher = {National Acad Sciences},
number = {37},
year = {2010},
pages={16016--16022},
title = {Fast live simultaneous multiwavelength four-dimensional optical microscopy},
author = {P. M. Carlton and J. Boulanger and C. Kervrann and J.-B. Sibarita and J. Salamero and S. Gordon-Messer and D. Bressan and J. E. Haber and S. Haase and L. Shao and L. Winoto and A. Matsuda and P. Kner and S. Uzawa and M. Gustafsson and Z. Kam and D. A. Agard and J. W. Sedat},
url={https://doi.org/10.1073/pnas.1004037107},
doi={10.1073/pnas.1004037107}
}

@article{wolfgramm2013,
issn = {1749-4885},
journal = {Nature Photonics},
volume = {7},
publisher = {Nature Publishing Group},
number = {1},
pages = {28--32},
year = {2013},
title = {Entanglement-enhanced probing of a delicate material system},
author = {F. Wolfgramm and C. Vitelli and F. A. Beduini and N. Godbout and M. W. Mitchell},
doi = {10.1038/nphoton.2012.300},
url = {https://doi.org/10.1038/nphoton.2012.300}
}

@article{taylor2013,
title = {Biological measurement beyond the quantum limit},
author = {M. A. Taylor and J. Janousek and V. Daria and J. Knittel and B. Hage and H.-A. Bachor and W. P. Bowen},
journal = {Nature Photonics},
year = {2013},
volume = {7},
pages = {229-223},
doi = {10.1038/nphoton.2012.346},
url = {http://www.nature.com/nphoton/journal/v7/n3/full/nphoton.2012.346.html}
}

@article{purdy2013,
author = {{Purdy}, T.~P. and {Peterson}, R.~W. and {Regal}, C.~A.},
title = "{Observation of Radiation Pressure Shot Noise on a Macroscopic Object}",
journal = {Science},
year = 2013,
volume = 339,
pages = {801-804},
doi = {10.1126/science.1231282},
adsurl = {http://adsabs.harvard.edu/abs/2013Sci...339..801P},
adsnote = {Provided by the SAO/NASA Astrophysics Data System}
}

@article{aasi2013,
author = {Aasi, J. and Abadie, J. and Abbott, B. P.  and others},
title = "{Enhanced sensitivity of the LIGO gravitational wave detector by using squeezed states of light}",
journal = {Nature Photonic},
volume = {7},
pages = {613--619},
year = {2013},
doi = {10.1038/nphoton.2013.177},
URL = {http://dx.doi.org/10.1038/nphoton.2013.177},
}

@article{pitkin2011,
title   = "{Gravitational Wave Detection by Interferometry (Ground and Space)}",
author  = {M. Pitkin and S. Reid and S. Rowan and J. Hough},
journal = {Living Reviews in Relativity},
year    = {2011},
number  = {1},
pages   = {5},
volume  = {14},
doi     = {10.1007/lrr-2011-5},
url     = {http://www.livingreviews.org/lrr-2011-5}
}

% FUTURE RESEARCH CHAPTER

@book{tocaci1985,
publisher = {Reidel},
address = {Dordrecht},
isbn = {9027717699},
year = {1985},
title = {Relativistic mechanics, time and inertia},
language = {eng},
author = {Tocaci, Emil},
}

@article{dorner2009,
  title = "{Optimal Quantum Phase Estimation}",
  author = {Dorner, U. and Demkowicz-Dobrza\ifmmode \acute{n}\else \'{n}\fi{}ski, R. and Smith, B. J. and Lundeen, J. S. and Wasilewski, W. and Banaszek, K. and Walmsley, I. A.},
  journal = {Physical Review Letters},
  volume = {102},
  issue = {4},
  pages = {040403},
  numpages = {4},
  year = {2009},
  publisher = {American Physical Society},
  doi = {10.1103/PhysRevLett.102.040403},
  url = {https://link.aps.org/doi/10.1103/PhysRevLett.102.040403}
}

@article {castro2017,
	author = {Castro Ruiz, Esteban and Giacomini, Flaminia and Brukner, {\v C}aslav},
	title = {Entanglement of quantum clocks through gravity},
	volume = {114},
	number = {12},
	pages = {E2303--E2309},
	year = {2017},
	doi = {10.1073/pnas.1616427114},
	publisher = {National Academy of Sciences},
	issn = {0027-8424},
	URL = {https://www.pnas.org/content/114/12/E2303},
	eprint = {https://www.pnas.org/content/114/12/E2303.full.pdf},
	journal = {Proceedings of the National Academy of Sciences}
}

@article{baumgart2016,
title = "{Ultrasensitive Magnetometer using a Single Atom}",
author = {Baumgart, I. and Cai, J. M. and Retzker, A. and Plenio, M. B. and Wunderlich, Ch.},
journal = {Physical Review Letters},
volume = {116},
issue = {24},
pages = {240801},
numpages = {5},
year = {2016},
publisher = {American Physical Society},
doi = {10.1103/PhysRevLett.116.240801},
url = {https://link.aps.org/doi/10.1103/PhysRevLett.116.240801}
}

@misc{maccone2018,
author ={{Maccone}, L. and {Sacha}, K.},
title = "{Quantum measurements of time}",
howpublished = {arXiv:1810.12869},
year = 2018,
url = {https://ui.adsabs.harvard.edu/\#abs/2018arXiv181012869M},
}

@misc{kohlrus2018,
author = {{Kohlrus}, Jan and {Bruschi}, David Edward and {Fuentes}, Ivette},
title = "{Quantum metrology of spacetime parameters of the Earth beating classical
        precision}",
howpublished = {arXiv:1811.07322},
year = 2018,
url = {https://ui.adsabs.harvard.edu/\#abs/2018arXiv181107322K},
}

@misc{lock2016,
author ={{Lock}, Maximilian P.~E. and {Fuentes}, Ivette},
title = "{Relativistic quantum clocks}",
howpublished = {arXiv:1609.09426},
year = 2016,
url = {https://ui.adsabs.harvard.edu/\#abs/2016arXiv160909426L},
}

@misc{howl2018,
author = {{Howl}, Richard and {Penrose}, Roger and {Fuentes}, Ivette},
title = "{Exploring the unification of quantum theory and general relativity with
        a Bose-Einstein condensate}",
howpublished = {arXiv:1812.04630},
year = 2018,
url = {https://ui.adsabs.harvard.edu/\#abs/2018arXiv181204630H}}
